@inproceedings{mathlib,
author = {The mathlib Community},
title = {The lean mathematical library},
year = {2020},
isbn = {9781450370974},
publisher = {Association for Computing Machinery},
address = {New York, NY, USA},
url = {https://doi.org/10.1145/3372885.3373824},
doi = {10.1145/3372885.3373824},
booktitle = {Proceedings of the 9th ACM SIGPLAN International Conference on Certified Programs and Proofs},
pages = {367–381},
numpages = {15},
keywords = {Lean, formal library, formal proof, mathlib},
location = {New Orleans, LA, USA},
series = {CPP 2020}
}

@inproceedings{bellare2006multi,
  title={Multi-signatures in the plain public-key model and a general forking lemma},
  author={Bellare, Mihir and Neven, Gregory},
  booktitle={Proceedings of the 13th ACM conference on Computer and communications security},
  pages={390--399},
  year={2006}
}

@inproceedings{petcher2015foundational,
  title={The foundational cryptography framework},
  author={Petcher, Adam and Morrisett, Greg},
  booktitle={Principles of Security and Trust: 4th International Conference, POST 2015, Held as Part of the European Joint Conferences on Theory and Practice of Software, ETAPS 2015, London, UK, April 11-18, 2015, Proceedings 4},
  pages={53--72},
  year={2015},
  organization={Springer}
}

@article{FCF,
  author          = {Adam Petcher},
  journal         = {Doctoral dissertation, Harvard University, Graduate School of Arts \& Sciences},
  number          = {},
  title           = {A Foundational Proof Framework for Cryptography},
  volume          = {},
  year            = {2015}
}

@inproceedings{canetti2019easyuc,
  title={Easyuc: Using easycrypt to mechanize proofs of universally composable security},
  author={Canetti, Ran and Stoughton, Alley and Varia, Mayank},
  booktitle={2019 IEEE 32nd Computer Security Foundations Symposium (CSF)},
  pages={167--16716},
  year={2019},
  organization={IEEE}
}

@article{haselwarter2023ssprove,
  title={SSProve: A foundational framework for modular cryptographic proofs in Coq},
  author={Haselwarter, Philipp G and Rivas, Exequiel and Van Muylder, Antoine and Winterhalter, Th{\'e}o and Abate, Carmine and Sidorenco, Nikolaj and Hri{\c{t}}cu, C{\u{a}}t{\u{a}}lin and Maillard, Kenji and Spitters, Bas},
  journal={ACM Transactions on Programming Languages and Systems},
  volume={45},
  number={3},
  pages={1--61},
  year={2023},
  publisher={ACM New York, NY}
}

@inproceedings{abate2021ssprove,
  title={Ssprove: A foundational framework for modular cryptographic proofs in coq},
  author={Abate, Carmine and Haselwarter, Philipp G and Rivas, Exequiel and Van Muylder, Antoine and Winterhalter, Th{\'e}o and Hri{\c{t}}cu, C{\u{a}}t{\u{a}}lin and Maillard, Kenji and Spitters, Bas},
  booktitle={2021 IEEE 34th Computer Security Foundations Symposium (CSF)},
  pages={1--15},
  year={2021},
  organization={IEEE}
}

@inproceedings{blanchet2007cryptoverif,
  title={CryptoVerif: Computationally sound mechanized prover for cryptographic protocols},
  author={Blanchet, Bruno},
  booktitle={Dagstuhl seminar “Formal Protocol Verification Applied},
  volume={117},
  pages={156},
  year={2007}
}

@article{basin2020crypthol,
  title={CryptHOL: Game-based proofs in higher-order logic},
  author={Basin, David A and Lochbihler, Andreas and Sefidgar, S Reza},
  journal={Journal of Cryptology},
  volume={33},
  pages={494--566},
  year={2020},
  publisher={Springer}
}

@inproceedings{firsov2022reflection,
  title={Reflection, rewinding, and coin-toss in easycrypt},
  author={Firsov, Denis and Unruh, Dominique},
  booktitle={Proceedings of the 11th ACM SIGPLAN International Conference on Certified Programs and Proofs},
  pages={166--179},
  year={2022}
}

@inproceedings{barthe2011computer,
  title={Computer-aided security proofs for the working cryptographer},
  author={Barthe, Gilles and Gr{\'e}goire, Benjamin and Heraud, Sylvain and B{\'e}guelin, Santiago Zanella},
  booktitle={CRYPTO},
  pages={71--90},
  year={2011},
  organization={Springer}
}

@inproceedings{baelde2021interactive,
  title={An interactive prover for protocol verification in the computational model},
  author={Baelde, David and Delaune, St{\'e}phanie and Jacomme, Charlie and Koutsos, Adrien and Moreau, Sol{\`e}ne},
  booktitle={2021 IEEE Symposium on Security and Privacy (SP)},
  pages={537--554},
  year={2021},
  organization={IEEE}
}

@inproceedings{gancher2023owl,
  title={Owl: Compositional verification of security protocols via an information-flow type system},
  author={Gancher, Joshua and Gibson, Sydney and Singh, Pratap and Dharanikota, Samvid and Parno, Bryan},
  booktitle={2023 IEEE Symposium on Security and Privacy (SP)},
  pages={1130--1147},
  year={2023},
  organization={IEEE}
}

@mastersthesis{CryptoLib,
    author = {Joey Lupo},
    title = {cryptolib: Security Proofs in the Lean Theorem Prover},
    school = {University of Edinburgh},
    year = {2021},
}

@inproceedings{meier2013tamarin,
  title={The TAMARIN prover for the symbolic analysis of security protocols},
  author={Meier, Simon and Schmidt, Benedikt and Cremers, Cas and Basin, David},
  booktitle={Computer Aided Verification: 25th International Conference, CAV 2013, Saint Petersburg, Russia, July 13-19, 2013. Proceedings 25},
  pages={696--701},
  year={2013},
  organization={Springer}
}

@article{blanchet2016modeling,
  title={Modeling and verifying security protocols with the applied pi calculus and ProVerif},
  author={Blanchet, Bruno},
  journal={Foundations and Trends in Privacy and Security},
  volume={1},
  number={1-2},
  pages={1--135},
  year={2016},
  publisher={Now Publishers, Inc.}
}

@article{bellare2004breaking,
  title={Breaking and provably repairing the SSH authenticated encryption scheme: A case study of the Encode-then-Encrypt-and-MAC paradigm},
  author={Bellare, Mihir and Kohno, Tadayoshi and Namprempre, Chanathip},
  journal={ACM Transactions on Information and System Security (TISSEC)},
  volume={7},
  number={2},
  pages={206--241},
  year={2004},
  publisher={ACM New York, NY, USA}
}

@inproceedings{dao2023weakFA,
  title={Weak fiat-shamir attacks on modern proof systems},
  author={Dao, Quang and Miller, Jim and Wright, Opal and Grubbs, Paul},
  booktitle={2023 IEEE Symposium on Security and Privacy (SP)},
  pages={199--216},
  year={2023},
  organization={IEEE}
}

@inproceedings{krawczyk2001order,
  title={The order of encryption and authentication for protecting communications (or: How secure is SSL?)},
  author={Krawczyk, Hugo},
  booktitle={Annual International Cryptology Conference (CRYPTO)},
  pages={310--331},
  year={2001},
  organization={Springer}
}

@inproceedings{barbosa2021sok,
  title={SoK: Computer-aided cryptography},
  author={Barbosa, Manuel and Barthe, Gilles and Bhargavan, Karthik and Blanchet, Bruno and Cremers, Cas and Liao, Kevin and Parno, Bryan},
  booktitle={2021 IEEE symposium on security and privacy (SP)},
  pages={777--795},
  year={2021},
  organization={IEEE}
}
@phdthesis{zanella2010formal,
  title={Formal certification of game-based cryptographic proofs},
  author={Zanella-B{\'e}guelin, Santiago},
  year={2010},
  school={{\'E}cole Nationale Sup{\'e}rieure des Mines de Paris}
}

@inproceedings{bellare2006security,
  title={The security of triple encryption and a framework for code-based game-playing proofs},
  author={Bellare, Mihir and Rogaway, Phillip},
  booktitle={Annual International Conference on the Theory and Applications of Cryptographic Techniques},
  pages={409--426},
  year={2006},
  organization={Springer},
  online={https://eprint.iacr.org/2004/331.pdf}
}

@misc{shoup2004sequences,
      author = {Victor Shoup},
      title = {Sequences of games: a tool for taming complexity in security proofs},
      howpublished = {Cryptology ePrint Archive, Paper 2004/332},
      year = {2004},
      note = {\url{https://eprint.iacr.org/2004/332}},
      url = {https://eprint.iacr.org/2004/332}
}

@misc{halevi2005plausible,
      author = {Shai Halevi},
      title = {A plausible approach to computer-aided cryptographic proofs},
      howpublished = {Cryptology ePrint Archive, Paper 2005/181},
      year = {2005},
      note = {\url{https://eprint.iacr.org/2005/181}},
      url = {https://eprint.iacr.org/2005/181}
}

@article{camenisch1997proof,
  title={Proof systems for general statements about discrete logarithms},
  author={Camenisch, Jan and Stadler, Markus},
  journal={Technical Report/ETH Zurich, Department of Computer Science},
  volume={260},
  year={1997},
  publisher={ETH Zurich}
}

@inproceedings{ckks,
  title={Homomorphic encryption for arithmetic of approximate numbers},
  author={Cheon, Jung Hee and Kim, Andrey and Kim, Miran and Song, Yongsoo},
  booktitle={Advances in Cryptology--ASIACRYPT 2017: 23rd International Conference on the Theory and Applications of Cryptology and Information Security, Hong Kong, China, December 3-7, 2017, Proceedings, Part I 23},
  pages={409--437},
  year={2017},
  organization={Springer}
}

@article{bgv,
  title={(Leveled) fully homomorphic encryption without bootstrapping},
  author={Brakerski, Zvika and Gentry, Craig and Vaikuntanathan, Vinod},
  journal={ACM Transactions on Computation Theory (TOCT)},
  volume={6},
  number={3},
  pages={1--36},
  year={2014},
  publisher={ACM New York, NY, USA}
}

@inproceedings{bernstein2019sphincs+,
  title={The SPHINCS+ signature framework},
  author={Bernstein, Daniel J and H{\"u}lsing, Andreas and K{\"o}lbl, Stefan and Niederhagen, Ruben and Rijneveld, Joost and Schwabe, Peter},
  booktitle={Proceedings of the 2019 ACM SIGSAC conference on computer and communications security},
  pages={2129--2146},
  year={2019}
}

@inproceedings{hulsing2013w,
  title={W-OTS+--shorter signatures for hash-based signature schemes},
  author={H{\"u}lsing, Andreas},
  booktitle={Progress in Cryptology--AFRICACRYPT 2013: 6th International Conference on Cryptology in Africa, Cairo, Egypt, June 22-24, 2013. Proceedings 6},
  pages={173--188},
  year={2013},
  organization={Springer}
}

@inproceedings{merkle1989certified,
  title={A certified digital signature},
  author={Merkle, Ralph C},
  booktitle={Conference on the Theory and Application of Cryptology (CRYPTO)},
  pages={218--238},
  year={1989},
  organization={Springer}
}

@article{dilithium,
  title={Crystals-dilithium: A lattice-based digital signature scheme},
  author={Ducas, L{\'e}o and Kiltz, Eike and Lepoint, Tancrede and Lyubashevsky, Vadim and Schwabe, Peter and Seiler, Gregor and Stehl{\'e}, Damien},
  journal={IACR Transactions on Cryptographic Hardware and Embedded Systems},
  pages={238--268},
  year={2018}
}

@article{fouque2018falcon,
  title={{Falcon: Fast-Fourier lattice-based compact signatures over NTRU}},
  author={Fouque, Pierre-Alain and Hoffstein, Jeffrey and Kirchner, Paul and Lyubashevsky, Vadim and Pornin, Thomas and Prest, Thomas and Ricosset, Thomas and Seiler, Gregor and Whyte, William and Zhang, Zhenfei and others},
  journal={Submission to the NIST’s post-quantum cryptography standardization process},
  volume={36},
  number={5},
  pages={1--75},
  year={2018},
  online={https://falcon-sign.info/falcon.pdf},
}

@inproceedings{GPV,
  title={Trapdoors for hard lattices and new cryptographic constructions},
  author={Gentry, Craig and Peikert, Chris and Vaikuntanathan, Vinod},
  booktitle={Proceedings of the fortieth annual ACM symposium on Theory of computing},
  pages={197--206},
  year={2008}
}
